<?xml version="1.0" encoding="UTF-8"?><collection xmlns="http://www.loc.gov/MARC21/slim"><record><leader>00381nam--2200133-i-4500</leader><controlfield tag="001">000023534</controlfield><controlfield tag="002">20161230</controlfield><controlfield tag="005">20161230201035</controlfield><controlfield tag="008">060222s1000------------r-----000-0-eng-d</controlfield><datafield ind1=" " ind2=" " tag="080"><subfield code="a">62-52:621.311.1</subfield></datafield><datafield ind1=" " ind2=" " tag="100"><subfield code="a">Happ, H.H</subfield></datafield><datafield ind1=" " ind2=" " tag="245"><subfield code="a">Diakoptica-metoda de analiza a sistemelor complexe cu aplicatii la retelele electrice</subfield></datafield><datafield ind1=" " ind2=" " tag="260"><subfield code="a">Bucuresti, Ed.Tehnica, 1975.343 P</subfield></datafield><datafield ind1=" " ind2=" " tag="852"><subfield code="a">42810</subfield></datafield></record></collection>